@IEEEtranBSTCTL{IEEEexample:BSTcontrol,
  CTLdash_repeated_names = "no"
}

@misc{bhuman2013,
    author =       "B-Human",
    title =        "B-Human Code Release 2013",
    year =         "2013",
    url =          "http://www.b-human.de/downloads/publications/2013/CodeRelease2013.pdf"
}
@inproceedings {voronoiBSP,
  author = "Steffen Kaden, Heinrich Mellmann, Marcus Scheunemann and Hans-Dieter Burkhard",
  title = "Voronoi Based Strategic Positioning for Robot Soccer",
  booktitle = "Proceedings of the 22nd International Workshop on Concurrency, Specification and Programming",
  publisher = "CEUR-WS.org",
  year = "2013",
  volume = "1032",
  pages = "271-282",
  url = "https://www2.informatik.hu-berlin.de/~mellmann/content/publications/data/CSP-KadenMellmannEtAl-13.pdf"
}

@misc{robocupchallenges,
	author = "RoboCup Technical Committee",
    title = "RoboCup Standard Platform League (NAO) Technical Challenges",
    year = "2016",
    url = "http://www.tzi.de/spl/pub/Website/Downloads/Challenges2016.pdf"
}

@misc{wikipediaPathplanning,
	author = "Wikipedia",
    title = "Motion Planning",
    urldate = "14/08/2016",
    url = "https://en.wikipedia.org/wiki/Motion_planning#Potential_Fields"
}   

@article{NSGAII,
  title={A fast elitist multiobjective genetic algorithm: NSGA-II},
  author={Seshadri, Aravind},
  journal={MATLAB Central},
  volume={182},
  year={2006}
}
